<record><leader>00000cas a2200000 a 4500</leader><controlfield tag="001">32060132</controlfield><controlfield tag="007">hd bfu---baat</controlfield><controlfield tag="007">hd afu---bact</controlfield><controlfield tag="008">950228d19281940nbuwr nea     0    0eng d</controlfield><datafield ind1=" " ind2=" " tag="010"><subfield code="a">sn 95069190 </subfield></datafield><datafield ind1=" " ind2=" " tag="040"><subfield code="a">NVG</subfield><subfield code="b">eng</subfield><subfield code="c">NVG</subfield><subfield code="d">OCL</subfield><subfield code="d">OCLCQ</subfield></datafield><datafield ind1=" " ind2=" " tag="042"><subfield code="a">msc</subfield></datafield><datafield ind1=" " ind2=" " tag="043"><subfield code="a">n-us-nb</subfield></datafield><datafield ind1="0" ind2="0" tag="245"><subfield code="a">Phillips advertiser</subfield><subfield code="h">[microform].</subfield></datafield><datafield ind1=" " ind2=" " tag="260"><subfield code="a">Phillips, Neb. :</subfield><subfield code="b">Merle Peard</subfield></datafield><datafield ind1=" " ind2=" " tag="300"><subfield code="a">v.</subfield></datafield><datafield ind1=" " ind2=" " tag="310"><subfield code="a">Weekly</subfield></datafield><datafield ind1="1" ind2=" " tag="362"><subfield code="a">Began in 1928; ceased in June 1940.</subfield></datafield><datafield ind1=" " ind2=" " tag="500"><subfield code="a">Published in Aurora, Neb., &lt;Oct. 15&gt;, 1930-Nov. 5, 1930.</subfield></datafield><datafield ind1=" " ind2=" " tag="515"><subfield code="a">Issues for &lt;May 21, 1930-July 1, 1931&gt; lack numbering.</subfield></datafield><datafield ind1=" " ind2=" " tag="580"><subfield code="a">Merged with: Giltner gazette, to form: Gazette-advertiser (Giltner, Neb.).</subfield></datafield><datafield ind1=" " ind2=" " tag="588"><subfield code="a">Description based on: May 21, 1930.</subfield></datafield><datafield ind1=" " ind2=" " tag="533"><subfield code="a">Microfilm.</subfield><subfield code="m">1930-1931,1940:[Gaps]</subfield><subfield code="b">Lincoln, Neb. :</subfield><subfield code="c">Nebraska State Historical Society,</subfield><subfield code="d">1981-[1987].</subfield><subfield code="e">2 microfilm reels ; 35 mm.</subfield></datafield><datafield ind1=" " ind2="0" tag="651"><subfield code="a">Phillips (Neb.)</subfield><subfield code="v">Newspapers.</subfield></datafield><datafield ind1=" " ind2=" " tag="752"><subfield code="a">United States</subfield><subfield code="b">Nebraska</subfield><subfield code="c">Hamilton</subfield><subfield code="d">Phillips.</subfield></datafield><datafield ind1=" " ind2=" " tag="752"><subfield code="a">United States</subfield><subfield code="b">Nebraska</subfield><subfield code="c">Hamilton</subfield><subfield code="d">Aurora.</subfield></datafield><datafield ind1="1" ind2="7" tag="785"><subfield code="t">Giltner gazette</subfield><subfield code="w">(DLC)sn 95069187</subfield></datafield><datafield ind1="1" ind2="7" tag="785"><subfield code="t">Gazette-advertiser (Giltner, Neb.)</subfield><subfield code="w">(DLC)sn 95069188</subfield></datafield><datafield ind1="1" ind2=" " tag="029"><subfield code="a">AU@</subfield><subfield code="b">000011579607</subfield></datafield></record>